:20:5117700TRY
:25:TR970000000000000000090643
:28:2744656
:60F:D170301TRY0000000024990,41
:61:170301CL0000000000019,92NCCPNONREF//1703010613002255
:86:000375234 AK-DB AKPOS PES  TOPLCP 20170301 KS:0.08TL/         0/
:61:170301CL0000000001220,23NCCPNONREF//1703010613002256
:86:000375234 AX-MC AKPOS PES  ODE 20170301 KS:12.34TL/         0/
:61:170301CL0000000000255,91NCCPNONREF//1703010613002257
:86:000375234 AK-DB AKPOS PES  ODE 20170301 KS:2.59TL /         0/
:61:170301CL0000000000019,54NCCPNONREF//1703010613002258
:86:000375234 AX-MC AKPOS PES  TOPLCP 20170301 KS:0.31TL/         0/
:61:170301CL0000000000197,20NCCPNONREF//1703010613002259
:86:000375234 YI-VS AKPOS PES  ODE 20170301 KS:2.8TL  /         0/
:61:170301CL0000000000098,60NCCPNONREF//1703010613002260
:86:000375234 YI-DB AKPOS PES  ODE 20170301 KS:1.4TL  /         0/
:61:170301CL0000000000014,95NCCPNONREF//1703010613002261
:86:000375234 AX-VS AKPOS PES  TOPLCP 20170301 KS:0.05TL/         0/
:61:170301CL0000000000222,50NCCPNONREF//1703010613002262
:86:000375234 AX-VS AKPOS PES  ODE 20170301 KS:2.25TL /         0/
:61:170301DL0000000000015,76NLDPNONREF//1703010613014926
:86:FAIZ TAHSILATI:     88806130077075230000002600003 /0340286634/
:61:170301CL0000000002149,00NEFTNONREF//1703010613389394
:86:EFT: OSMAN PETROL VE PETROL URUN.TURZ.SAN.TIC.LTD.STI. OSMAN PETROL VE PETROL UR/0340286634/TR320006701000000069662400
:61:170301CL0000000002599,00NEFTNONREF//1703010613392082
:86:EFT: OSMAN PETROL VE PETROL UR OSMAN PETROL VE PETROL UR AKBANK EFT/0340286634/TR720006400000133960013042
:61:170301CL0000000001893,00NEFTNONREF//1703010613392566
:86:EFT: OSMAN PETROL VE PETROL URUN.TURZ.SAN.TICLTD.STI. AKBANK EFT/0340286634/TR980001500158007296452250
:61:170301CL0000000002191,00NEFTNONREF//1703010613394520
:86:EFT: OSMAN PETROL VE PETROL URUNLERI TURIZM SAN. TIC. L/0340286634/TR920011100000000017020315
:61:170301CL0000000005012,00NEFTNONREF//1703010613395293
:86:EFT: OSMAN PETROL VE PETROL URUNLERI TUR AKBANK HESABA EFT/0340286634/TR830006200012700006297384
:61:170301CL0000000000841,00NEFTNONREF//1703010613398518
:86:EFT: OSMAN PETROL VE PETROL URUN.TURZ.SAN.TI AKBANK EFT/0340286634/TR260003200000000026099534
:61:170301DL0000000000179,34NDDBNONREF//1703010613564618
:86:0000464851                                        /7350150917/TR670004600789888000005268
:61:170301DL0000000013404,98NLDPNONREF//1703010613015452
:86:TIC.KRD. KAPAMA 006687474/00000025/00057          /0340286634/
:61:170301CL0000000018500,00NCDPNONREF//1703010613015499
:86:NAKIT YATAN                                       /         0/
:61:170301DL0000000021552,70NLDPNONREF//1703010613015502
:86:TIC.KRD. KAPAMA 006687474/00000025/00056          /0340286634/
:62F:D170301TRY0000000024909,34